<marcxml:record xmlns:xlink="http://www.w3.org/1999/xlink" xmlns:marcxml="http://www.loc.gov/MARC21/slim" xmlns:rdf="http://www.w3.org/1999/02/22-rdf-syntax-ns#" xmlns:madsrdf="http://www.loc.gov/mads/rdf/v1#" xmlns:ri="http://id.loc.gov/ontologies/RecordInfo#" xmlns:xsi="http://www.w3.org/2001/XMLSchema-instance" xmlns:mets="http://www.loc.gov/METS/" xmlns:idx="info:lc/xq-modules/lcindex" xmlns:bfidx="info:lc/xq-modules/bfidx" xmlns:semtriples="http://marklogic.com/semantic" xmlns:bf="http://id.loc.gov/ontologies/bibframe/" xmlns:bflc="http://id.loc.gov/ontologies/bflc/" xmlns:bfsimple="http://id.loc.gov/ontologies/bfsimple/" xmlns:dcterms="http://purl.org/dc/terms/">
  <marcxml:leader>01944cam a22004815i 4500</marcxml:leader>
  <marcxml:controlfield tag="001">22182211</marcxml:controlfield>
  <marcxml:controlfield tag="005">20211020151829.0</marcxml:controlfield>
  <marcxml:controlfield tag="008">210818t20192009nyu    d      000 1 eng d</marcxml:controlfield>
  <marcxml:datafield ind1=" " ind2=" " tag="906">
    <marcxml:subfield code="a">0</marcxml:subfield>
    <marcxml:subfield code="b">ibc</marcxml:subfield>
    <marcxml:subfield code="c">copycat</marcxml:subfield>
    <marcxml:subfield code="d">2</marcxml:subfield>
    <marcxml:subfield code="e">ncip</marcxml:subfield>
    <marcxml:subfield code="f">20</marcxml:subfield>
    <marcxml:subfield code="g">y-gencatlg</marcxml:subfield>
  </marcxml:datafield>
  <marcxml:datafield ind1="0" ind2=" " tag="925">
    <marcxml:subfield code="a">acquire</marcxml:subfield>
    <marcxml:subfield code="b">1 shelf copy</marcxml:subfield>
    <marcxml:subfield code="x">policy default</marcxml:subfield>
  </marcxml:datafield>
  <marcxml:datafield ind1=" " ind2=" " tag="955">
    <marcxml:subfield code="b">xn18 2021-08-18 z-processor to USPRLL</marcxml:subfield>
    <marcxml:subfield code="a">xk18 2021-10-20 distribution to copycat</marcxml:subfield>
  </marcxml:datafield>
  <marcxml:datafield ind1=" " ind2=" " tag="010">
    <marcxml:subfield code="a">  2021289244</marcxml:subfield>
  </marcxml:datafield>
  <marcxml:datafield ind1=" " ind2=" " tag="020">
    <marcxml:subfield code="a">9780593114421</marcxml:subfield>
    <marcxml:subfield code="q">(paperback ;</marcxml:subfield>
    <marcxml:subfield code="q">landscape binding)</marcxml:subfield>
  </marcxml:datafield>
  <marcxml:datafield ind1=" " ind2=" " tag="020">
    <marcxml:subfield code="a">0593114426</marcxml:subfield>
    <marcxml:subfield code="q">(paperback ;</marcxml:subfield>
    <marcxml:subfield code="q">landscape binding)</marcxml:subfield>
  </marcxml:datafield>
  <marcxml:datafield ind1=" " ind2=" " tag="035">
    <marcxml:subfield code="a">(OCoLC)on1085202062</marcxml:subfield>
  </marcxml:datafield>
  <marcxml:datafield ind1=" " ind2=" " tag="040">
    <marcxml:subfield code="a">YDX</marcxml:subfield>
    <marcxml:subfield code="b">eng</marcxml:subfield>
    <marcxml:subfield code="c">YDX</marcxml:subfield>
    <marcxml:subfield code="e">rda</marcxml:subfield>
    <marcxml:subfield code="d">BDX</marcxml:subfield>
    <marcxml:subfield code="d">CHILD</marcxml:subfield>
    <marcxml:subfield code="d">OCLCO</marcxml:subfield>
    <marcxml:subfield code="d">OCLCF</marcxml:subfield>
    <marcxml:subfield code="d">CKE</marcxml:subfield>
    <marcxml:subfield code="d">TP7</marcxml:subfield>
    <marcxml:subfield code="d">DLC</marcxml:subfield>
  </marcxml:datafield>
  <marcxml:datafield ind1=" " ind2=" " tag="042">
    <marcxml:subfield code="a">lccopycat</marcxml:subfield>
  </marcxml:datafield>
  <marcxml:datafield ind1="1" ind2=" " tag="100">
    <marcxml:subfield code="a">Forman, Gayle,</marcxml:subfield>
    <marcxml:subfield code="e">author.</marcxml:subfield>
  </marcxml:datafield>
  <marcxml:datafield ind1="1" ind2="0" tag="245">
    <marcxml:subfield code="a">If I stay /</marcxml:subfield>
    <marcxml:subfield code="c">Gayle Forman.</marcxml:subfield>
  </marcxml:datafield>
  <marcxml:datafield ind1=" " ind2=" " tag="250">
    <marcxml:subfield code="a">[Penguin Mini edition.]</marcxml:subfield>
  </marcxml:datafield>
  <marcxml:datafield ind1=" " ind2="1" tag="264">
    <marcxml:subfield code="a">New York :</marcxml:subfield>
    <marcxml:subfield code="b">Penguin Random House LLC,</marcxml:subfield>
    <marcxml:subfield code="c">2019.</marcxml:subfield>
  </marcxml:datafield>
  <marcxml:datafield ind1=" " ind2="4" tag="264">
    <marcxml:subfield code="c">©2009</marcxml:subfield>
  </marcxml:datafield>
  <marcxml:datafield ind1=" " ind2=" " tag="300">
    <marcxml:subfield code="a">359 pages :</marcxml:subfield>
    <marcxml:subfield code="c">12 cm</marcxml:subfield>
  </marcxml:datafield>
  <marcxml:datafield ind1=" " ind2=" " tag="336">
    <marcxml:subfield code="a">text</marcxml:subfield>
    <marcxml:subfield code="b">txt</marcxml:subfield>
    <marcxml:subfield code="2">rdacontent</marcxml:subfield>
  </marcxml:datafield>
  <marcxml:datafield ind1=" " ind2=" " tag="337">
    <marcxml:subfield code="a">unmediated</marcxml:subfield>
    <marcxml:subfield code="b">n</marcxml:subfield>
    <marcxml:subfield code="2">rdamedia</marcxml:subfield>
  </marcxml:datafield>
  <marcxml:datafield ind1=" " ind2=" " tag="338">
    <marcxml:subfield code="a">volume</marcxml:subfield>
    <marcxml:subfield code="b">nc</marcxml:subfield>
    <marcxml:subfield code="2">rdacarrier</marcxml:subfield>
  </marcxml:datafield>
  <marcxml:datafield ind1="1" ind2=" " tag="490">
    <marcxml:subfield code="a">Penguin minis</marcxml:subfield>
  </marcxml:datafield>
  <marcxml:datafield ind1=" " ind2=" " tag="520">
    <marcxml:subfield code="a">While in a coma following an automobile accident that killed her parents and younger brother, seventeen-year-old Mia, a gifted cellist, weights whether to live with her grief or join her family in death.</marcxml:subfield>
  </marcxml:datafield>
  <marcxml:datafield ind1=" " ind2="0" tag="650">
    <marcxml:subfield code="a">Cellists</marcxml:subfield>
    <marcxml:subfield code="v">Juvenile fiction.</marcxml:subfield>
  </marcxml:datafield>
  <marcxml:datafield ind1=" " ind2="0" tag="650">
    <marcxml:subfield code="a">Coma</marcxml:subfield>
    <marcxml:subfield code="v">Juvenile fiction.</marcxml:subfield>
  </marcxml:datafield>
  <marcxml:datafield ind1=" " ind2="0" tag="650">
    <marcxml:subfield code="a">Death</marcxml:subfield>
    <marcxml:subfield code="v">Juvenile fiction.</marcxml:subfield>
  </marcxml:datafield>
  <marcxml:datafield ind1=" " ind2="0" tag="650">
    <marcxml:subfield code="a">Families</marcxml:subfield>
    <marcxml:subfield code="v">Juvenile fiction.</marcxml:subfield>
  </marcxml:datafield>
  <marcxml:datafield ind1=" " ind2="0" tag="650">
    <marcxml:subfield code="a">Teenage girls</marcxml:subfield>
    <marcxml:subfield code="v">Juvenile fiction.</marcxml:subfield>
  </marcxml:datafield>
  <marcxml:datafield ind1=" " ind2="0" tag="651">
    <marcxml:subfield code="a">Oregon</marcxml:subfield>
    <marcxml:subfield code="v">Juvenile fiction.</marcxml:subfield>
  </marcxml:datafield>
  <marcxml:datafield ind1=" " ind2="7" tag="650">
    <marcxml:subfield code="a">Cellists.</marcxml:subfield>
    <marcxml:subfield code="2">fast</marcxml:subfield>
    <marcxml:subfield code="0">(OCoLC)fst01860240</marcxml:subfield>
  </marcxml:datafield>
  <marcxml:datafield ind1=" " ind2="7" tag="650">
    <marcxml:subfield code="a">Coma.</marcxml:subfield>
    <marcxml:subfield code="2">fast</marcxml:subfield>
    <marcxml:subfield code="0">(OCoLC)fst00868885</marcxml:subfield>
  </marcxml:datafield>
  <marcxml:datafield ind1=" " ind2="7" tag="650">
    <marcxml:subfield code="a">Death.</marcxml:subfield>
    <marcxml:subfield code="2">fast</marcxml:subfield>
    <marcxml:subfield code="0">(OCoLC)fst00888613</marcxml:subfield>
  </marcxml:datafield>
  <marcxml:datafield ind1=" " ind2="7" tag="650">
    <marcxml:subfield code="a">Families.</marcxml:subfield>
    <marcxml:subfield code="2">fast</marcxml:subfield>
    <marcxml:subfield code="0">(OCoLC)fst01728849</marcxml:subfield>
  </marcxml:datafield>
  <marcxml:datafield ind1=" " ind2="7" tag="650">
    <marcxml:subfield code="a">Teenage girls.</marcxml:subfield>
    <marcxml:subfield code="2">fast</marcxml:subfield>
    <marcxml:subfield code="0">(OCoLC)fst01145412</marcxml:subfield>
  </marcxml:datafield>
  <marcxml:datafield ind1=" " ind2="7" tag="651">
    <marcxml:subfield code="a">Oregon.</marcxml:subfield>
    <marcxml:subfield code="2">fast</marcxml:subfield>
    <marcxml:subfield code="0">(OCoLC)fst01204579</marcxml:subfield>
  </marcxml:datafield>
  <marcxml:datafield ind1=" " ind2="7" tag="655">
    <marcxml:subfield code="a">Fiction.</marcxml:subfield>
    <marcxml:subfield code="2">fast</marcxml:subfield>
    <marcxml:subfield code="0">(OCoLC)fst01423787</marcxml:subfield>
  </marcxml:datafield>
  <marcxml:datafield ind1=" " ind2="7" tag="655">
    <marcxml:subfield code="a">Juvenile works.</marcxml:subfield>
    <marcxml:subfield code="2">fast</marcxml:subfield>
    <marcxml:subfield code="0">(OCoLC)fst01411637</marcxml:subfield>
  </marcxml:datafield>
  <marcxml:datafield ind1=" " ind2="0" tag="830">
    <marcxml:subfield code="a">Penguin minis.</marcxml:subfield>
  </marcxml:datafield>
</marcxml:record>
